
@article{__2019,
	title = {试论本雅明式的引文写作——以《发达资本主义时代的抒情诗人》为例},
	issn = {1006-0189},
	url = {https://kns.cnki.net/kns/detail/detail.aspx?QueryID=0&CurRec=6&recid=&FileName=MZXS201924061&DbName=CJFDTEMP&DbCode=CJFQ&yx=&pr=CJFV2019;&URLID=&bsm=V0101;QS0104;},
	abstract = {本雅明,一个浪荡,孤独,集才华、博学、深邃于一身的德国犹太人。在他的著作《发达资本主义时代的抒情诗人》中,我们也可以清晰地看到本雅明思想的利器。本文将从《发达资本主义时代的抒情诗人》这本著作来谈谈本雅明特有的引文式写作,并将其与李善《文选注》中的征引式之异同进行对比。},
	pages = {159--161},
	number = {24},
	journaltitle = {名作欣赏},
	author = {佘, 丽珍},
	urldate = {2019-09-18},
	date = {2019},
	keywords = {《文选注》, 本雅明, 李善, 引文写作}
}

@article{__2019-1,
	title = {西南傩戏艺术膜拜价值与展示价值研究},
	issn = {1674-7615},
	url = {https://kns.cnki.net/kns/detail/detail.aspx?QueryID=0&CurRec=13&recid=&FileName=YWHL201903011&DbName=CJFDLAST2019&DbCode=CJFQ&yx=&pr=CJFR2019;&URLID=&bsm=QS0103;R01;},
	abstract = {傩戏作为一种原始的艺术形态,随着当下经济、技术发展,越来越呈现出传承与发展疲态。为何会出现这样的状况,目前学术界研究较少。本文从本雅明的"灵韵""膜拜价值"与"展示价值"这几个概念出发,研究傩戏作为一种有"灵韵"的艺术在当下的存在状态,对傩戏的膜拜价值与展示价值进行分析。并将傩戏艺术的传承与发展放在别现代视域下,从观众角度出发,分析观众的评价如何使得傩戏艺术中膜拜价值与展示价值的裂变。同时,技术媒介变迁对艺术的影响,使得傩戏展示价值与膜拜价值裂变的程度进一步被放大,而且傩戏艺术的展示价值最终超过其膜拜价值而获得艺术自律。},
	pages = {62--66},
	number = {3},
	journaltitle = {教育文化论坛},
	author = {胡, 李柱},
	urldate = {2019-09-18},
	date = {2019},
	keywords = {灵韵, 本雅明, aura, 膜拜价值, 傩戏, 展示价值, Benjamin, exhibition value, Nuo Opera, worship value}
}

@article{__2019-2,
	title = {思想与虔诚},
	issn = {2096-076X},
	url = {https://kns.cnki.net/kns/detail/detail.aspx?QueryID=0&CurRec=17&recid=&FileName=MYLM201903010&DbName=CJFDLAST2019&DbCode=CJFQ&yx=&pr=CJFV2019;&URLID=&bsm=QS0104;V02;},
	abstract = {{\textless}正{\textgreater}隋丞是一位既强调思想,又重视体验的艺术家。在中国当代艺术界流行红光亮的艳俗风格和肆意宣泄感官欲望的时候,隋丞对黑白木刻版画的执着追求显得如此地特立独行,以至于给人一种宛若隔世之感。但是,隋丞显然是个当代艺术家,而不是保持某种技术的技师。按照丹托(A.Danto)的说法,今天的艺术已经进入了它的后历史阶段,关于艺术史的宏大叙事业已结束。由此,艺术不再有进步的历史,不再有先进与落后的区别,历史上出现过的各种艺术形式在},
	pages = {41--44},
	number = {3},
	journaltitle = {艺术工作},
	author = {彭, 锋},
	urldate = {2019-09-18},
	date = {2019},
	keywords = {本雅明, 波德莱尔, 社会压迫, 外显特征, 游荡者}
}

@article{_aura_2019,
	title = {灵光(Aura)在影像艺术中复现的判断标准研究},
	issn = {1673-1794},
	url = {https://kns.cnki.net/kns/detail/detail.aspx?QueryID=0&CurRec=19&recid=&FileName=CZSB201903016&DbName=CJFDLAST2019&DbCode=CJFQ&yx=&pr=&URLID=&bsm=QS0104;},
	abstract = {灵光(Aura)是由瓦尔特·本雅明提出的艺术概念,用以论述古典时期和机械复制时期艺术作品的区别。灵光有两层含义:其一,灵光是一种可以被感知到的气息,在复数时空交织时出现;其二,灵光本质上是拜物教的一种体现,所拜之物是内含有超自然力量的无生命之物或因神明而获得生命之物。通过对灵光生发机制和根基的分析,阐述图像复现灵光、复数时空交织及虚拟影像创作等几个方面的灵光判断标准,提出机械复制时期影像作品中复现的灵光都是对灵光不完整再现的观点,以期为当下的影像艺术创作提供一定参考。},
	pages = {69--71},
	number = {3},
	journaltitle = {滁州学院学报},
	author = {胡, 木欣 and 武, 小川},
	urldate = {2019-09-18},
	date = {2019},
	keywords = {灵光, 瓦尔特·本雅明, 影像艺术}
}

@article{_:_2019,
	title = {魅感表面和空白主体:从《上海摩登》到《银幕艳史》的表层现代主义},
	url = {https://kns.cnki.net/kns/detail/detail.aspx?QueryID=0&CurRec=12&recid=&FileName=XDZW201901023&DbName=CCJDLAST2&DbCode=CCJD&yx=&pr=&URLID=&bsm=J0104;},
	shorttitle = {魅感表面和空白主体},
	abstract = {{\textless}正{\textgreater}《上海摩登:一种新都市文化在中国(1930—1945)》的英文版出版距今已逾20年,期间引发的弹赞争辩丰富多彩。最近(2017年7月)浙江大学又重印氏著,足见其魅力和影响广大。本文的目标在于透过联系性地阅读张真有关电影研究的著述《银幕艳史:都市文化与上海电影(1896—1937)》来重新思考都会现代主义的新方向。这种研究方向拒绝将深度、精英作为预设的前提,转而在表面、感性及大众之中找到论述的能量,并},
	pages = {304--316},
	number = {1},
	journaltitle = {现代中国文化与文学},
	author = {余, 夏云},
	urldate = {2019-09-18},
	date = {2019},
	keywords = {本雅明, 《上海摩登》, 李欧梵, 漫游者, 现代主义, 新感觉派}
}