
@article{__2019,
	title = {机械复制下的“审美催眠”——谈本雅明《机械复制时代的艺术作品》},
	volume = {32},
	issn = {1004-9436},
	abstract = {本雅明指出,当今时代是一个机械复制的时代。相比传统手工复制,机械化大生产使得一切都可以在很短时间内被复制、被量产。于是,再没有哪一件艺术品可以独一无二地存在,重复性生成物的大量出现和快速迭代成为常态,人们的艺术鉴赏活动也在这一过程中发生了变异。审美不再是"凝神观照"式的"没入",而是成为脱离艺术本体的"消遣"。当审美活动走下"神坛",与之相伴的是审美主体的大众化倾向。借用"催眠"概念,目的在于揭示机械复制下的艺术作品的审美状态。},
	language = {中文;},
	number = {10},
	urldate = {2019-09-18},
	journal = {艺术科技},
	author = {郝靓},
	year = {2019},
	keywords = {催眠, 复制, 机械, 审美, 艺术作品},
	pages = {236--237}
}

@article{__2019-1,
	title = {艺术事件观下的物性与事性——重读本雅明《机械复制时代的艺术作品》},
	issn = {0511-4683},
	abstract = {在艺术事件观看来,艺术品是物性与事性的统一。由此视角重读本雅明的《机械复制时代的艺术作品》可以发现,本雅明认为艺术品有物性层面和事性层面,两者的结合构成了它的本真性,这让艺术充满了灵韵。机械复制可以完美地复制艺术的物性,但无法复制艺术的事性,这导致了灵韵的丧失,也使本真性荡然无存,对此本雅明表示惋惜。与此同时,灵韵的丧失也让艺术获得了革命和解放的潜能,对此本雅明充满期待。《机械复制时代的艺术作品》中隐藏着物性与事性的基本矛盾。本雅明的思考给我们很大启发,但也有其不足和缺陷。他所谈的是艺术的内部事性,而不是外部事性,这就错失了重新赋予灵韵的可能性。},
	language = {中文;},
	number = {04},
	urldate = {2019-09-18},
	journal = {文学评论},
	author = {卢文超},
	year = {2019},
	keywords = {本真性, 灵韵, 事性, 物性, 艺术},
	pages = {64--70}
}

@article{__2019-2,
	title = {意识形态空隙中的政治与追忆——本雅明与罗兰巴特影像理论对比},
	issn = {1003-7500},
	language = {中文},
	number = {08},
	urldate = {2019-09-18},
	journal = {四川戏剧},
	author = {周子雅},
	year = {2019},
	pages = {8--11+19}
}
